% Encoding: UTF-8
% after pdflatex journal.tex, issue a bibtex journal.aux and pdflatex journal.tex afterwards (several times)

@Book{sayood2017introduction,
  author    = {Sayood, Khalid},
  publisher = {Morgan Kaufmann},
  title     = {Introduction to data compression},
  year      = {2017},
}


@book{schwaber2004agile,
  title={Agile project management with Scrum},
  author={Schwaber, Ken},
  year={2004},
  publisher={Microsoft press}
}

@book{nahin2020inside,
  title={Inside interesting integrals},
  author={Nahin, Paul J and Nahin and Harrison},
  year={2020},
  publisher={Springer}
}

@Comment{jabref-meta: databaseType:bibtex;}
